[gd_scene load_steps=34 format=2]

[ext_resource path="res://Systems/ScoreManagerMono/icon.png" type="Texture" id=1]
[ext_resource path="res://Props/Platform/Platform.cs" type="Script" id=2]
[ext_resource path="res://Tileset v0.13.png" type="Texture" id=3]

[sub_resource type="RectangleShape2D" id=29]
extents = Vector2( 160, 12.5 )

[sub_resource type="ConvexPolygonShape2D" id=31]
points = PoolVector2Array( 0, 0, 64, 0, 64, 64, 0, 64 )

[sub_resource type="ConvexPolygonShape2D" id=2]
points = PoolVector2Array( 0, 0, 64, 0, 64, 64, 0, 64 )

[sub_resource type="ConvexPolygonShape2D" id=3]
points = PoolVector2Array( 0, 0, 64, 0, 64, 64, 0, 64 )

[sub_resource type="ConvexPolygonShape2D" id=4]
points = PoolVector2Array( 0, 0, 64, 0, 64, 64, 0, 64 )

[sub_resource type="ConvexPolygonShape2D" id=5]
points = PoolVector2Array( 0, 0, 64, 0, 64, 64, 0, 64 )

[sub_resource type="ConvexPolygonShape2D" id=6]
points = PoolVector2Array( 0, 0, 64, 0, 64, 64, 0, 64 )

[sub_resource type="ConvexPolygonShape2D" id=7]
points = PoolVector2Array( 0, 0, 64, 0, 64, 64, 0, 64 )

[sub_resource type="ConvexPolygonShape2D" id=8]
points = PoolVector2Array( 0, 0, 64, 0, 64, 64, 0, 64 )

[sub_resource type="ConvexPolygonShape2D" id=9]
points = PoolVector2Array( 0, 0, 64, 0, 64, 64, 0, 64 )

[sub_resource type="ConvexPolygonShape2D" id=10]
points = PoolVector2Array( 0, 0, 64, 0, 64, 64, 0, 64 )

[sub_resource type="ConvexPolygonShape2D" id=11]
points = PoolVector2Array( 0, 0, 64, 0, 64, 64, 0, 64 )

[sub_resource type="ConvexPolygonShape2D" id=12]
points = PoolVector2Array( 64, 64, 34, 64, 33, 0, 64, 0 )

[sub_resource type="ConvexPolygonShape2D" id=13]
points = PoolVector2Array( 64, 64, 52, 64, 51, 50, 64, 50 )

[sub_resource type="ConvexPolygonShape2D" id=14]
points = PoolVector2Array( 64, 64, 0, 64, 0, 35, 63, 35 )

[sub_resource type="ConvexPolygonShape2D" id=15]
points = PoolVector2Array( 0, 50, 20, 50, 20, 64, 0, 64 )

[sub_resource type="ConvexPolygonShape2D" id=16]
points = PoolVector2Array( 0, 0, 31, 0, 31, 64, 0, 64 )

[sub_resource type="ConvexPolygonShape2D" id=17]
points = PoolVector2Array( 64, 18, 47, 18, 47, 0, 64, 0 )

[sub_resource type="ConvexPolygonShape2D" id=18]
points = PoolVector2Array( 0, 0, 19, 0, 19, 21, 0, 21 )

[sub_resource type="ConvexPolygonShape2D" id=19]
points = PoolVector2Array( 0, 0, 64, 0, 64, 31, 0, 30 )

[sub_resource type="ConvexPolygonShape2D" id=20]
points = PoolVector2Array( 0, 35, 64, 35, 64, 64, 0, 64 )

[sub_resource type="ConvexPolygonShape2D" id=21]
points = PoolVector2Array( 0, 0, 28, 0, 28, 64, 0, 64 )

[sub_resource type="ConvexPolygonShape2D" id=22]
points = PoolVector2Array( 0, 0, 64, 0, 64, 34, 0, 34 )

[sub_resource type="ConvexPolygonShape2D" id=23]
points = PoolVector2Array( 39, 0, 64, 0, 64, 64, 39, 64 )

[sub_resource type="ConvexPolygonShape2D" id=24]
points = PoolVector2Array( 43, 50, 64, 50, 64, 64, 43, 64 )

[sub_resource type="ConvexPolygonShape2D" id=25]
points = PoolVector2Array( 0, 50, 24, 50, 24, 64, 0, 64 )

[sub_resource type="ConvexPolygonShape2D" id=26]
points = PoolVector2Array( 0, 0, 22, 0, 22, 25, 0, 25 )

[sub_resource type="ConvexPolygonShape2D" id=27]
points = PoolVector2Array( 49, 0, 64, 0, 64, 22, 49, 22 )

[sub_resource type="TileSet" id=28]
0/name = "Tileset v0.13.png 0"
0/texture = ExtResource( 3 )
0/tex_offset = Vector2( 0, 0 )
0/modulate = Color( 1, 1, 1, 1 )
0/region = Rect2( 0, 0, 384, 384 )
0/tile_mode = 1
0/autotile/bitmask_mode = 0
0/autotile/bitmask_flags = [ Vector2( 0, 3 ), 256, Vector2( 0, 4 ), 260, Vector2( 0, 5 ), 4, Vector2( 1, 1 ), 69, Vector2( 1, 2 ), 321, Vector2( 1, 3 ), 320, Vector2( 1, 4 ), 325, Vector2( 1, 5 ), 5, Vector2( 2, 1 ), 261, Vector2( 2, 2 ), 324, Vector2( 2, 3 ), 64, Vector2( 2, 4 ), 65, Vector2( 2, 5 ), 1, Vector2( 3, 3 ), 256, Vector2( 3, 4 ), 260, Vector2( 3, 5 ), 4, Vector2( 4, 1 ), 69, Vector2( 4, 2 ), 321, Vector2( 4, 3 ), 320, Vector2( 4, 4 ), 325, Vector2( 4, 5 ), 5, Vector2( 5, 1 ), 261, Vector2( 5, 2 ), 324, Vector2( 5, 3 ), 64, Vector2( 5, 4 ), 65, Vector2( 5, 5 ), 1 ]
0/autotile/icon_coordinate = Vector2( 0, 0 )
0/autotile/tile_size = Vector2( 64, 64 )
0/autotile/spacing = 0
0/autotile/occluder_map = [  ]
0/autotile/navpoly_map = [  ]
0/autotile/priority_map = [  ]
0/autotile/z_index_map = [  ]
0/occluder_offset = Vector2( 0, 0 )
0/navigation_offset = Vector2( 0, 0 )
0/shape_offset = Vector2( 0, 0 )
0/shape_transform = Transform2D( 1, 0, 0, 1, 0, 0 )
0/shape = SubResource( 31 )
0/shape_one_way = false
0/shape_one_way_margin = 1.0
0/shapes = [ {
"autotile_coord": Vector2( 1, 1 ),
"one_way": false,
"one_way_margin": 1.0,
"shape": SubResource( 31 ),
"shape_transform": Transform2D( 1, 0, 0, 1, 0, 0 )
}, {
"autotile_coord": Vector2( 2, 1 ),
"one_way": false,
"one_way_margin": 1.0,
"shape": SubResource( 2 ),
"shape_transform": Transform2D( 1, 0, 0, 1, 0, 0 )
}, {
"autotile_coord": Vector2( 1, 2 ),
"one_way": false,
"one_way_margin": 1.0,
"shape": SubResource( 3 ),
"shape_transform": Transform2D( 1, 0, 0, 1, 0, 0 )
}, {
"autotile_coord": Vector2( 2, 2 ),
"one_way": false,
"one_way_margin": 1.0,
"shape": SubResource( 4 ),
"shape_transform": Transform2D( 1, 0, 0, 1, 0, 0 )
}, {
"autotile_coord": Vector2( 4, 1 ),
"one_way": false,
"one_way_margin": 1.0,
"shape": SubResource( 5 ),
"shape_transform": Transform2D( 1, 0, 0, 1, 0, 0 )
}, {
"autotile_coord": Vector2( 5, 1 ),
"one_way": false,
"one_way_margin": 1.0,
"shape": SubResource( 6 ),
"shape_transform": Transform2D( 1, 0, 0, 1, 0, 0 )
}, {
"autotile_coord": Vector2( 5, 2 ),
"one_way": false,
"one_way_margin": 1.0,
"shape": SubResource( 7 ),
"shape_transform": Transform2D( 1, 0, 0, 1, 0, 0 )
}, {
"autotile_coord": Vector2( 4, 2 ),
"one_way": false,
"one_way_margin": 1.0,
"shape": SubResource( 8 ),
"shape_transform": Transform2D( 1, 0, 0, 1, 0, 0 )
}, {
"autotile_coord": Vector2( 1, 4 ),
"one_way": false,
"one_way_margin": 1.0,
"shape": SubResource( 9 ),
"shape_transform": Transform2D( 1, 0, 0, 1, 0, 0 )
}, {
"autotile_coord": Vector2( 4, 4 ),
"one_way": false,
"one_way_margin": 1.0,
"shape": SubResource( 10 ),
"shape_transform": Transform2D( 1, 0, 0, 1, 0, 0 )
}, {
"autotile_coord": Vector2( 1, 1 ),
"one_way": false,
"one_way_margin": 1.0,
"shape": SubResource( 11 ),
"shape_transform": Transform2D( 1, 0, 0, 1, 0, 0 )
}, {
"autotile_coord": Vector2( 0, 4 ),
"one_way": false,
"one_way_margin": 1.0,
"shape": SubResource( 12 ),
"shape_transform": Transform2D( 1, 0, 0, 1, 0, 0 )
}, {
"autotile_coord": Vector2( 0, 3 ),
"one_way": false,
"one_way_margin": 1.0,
"shape": SubResource( 13 ),
"shape_transform": Transform2D( 1, 0, 0, 1, 0, 0 )
}, {
"autotile_coord": Vector2( 1, 3 ),
"one_way": false,
"one_way_margin": 1.0,
"shape": SubResource( 14 ),
"shape_transform": Transform2D( 1, 0, 0, 1, 0, 0 )
}, {
"autotile_coord": Vector2( 2, 3 ),
"one_way": false,
"one_way_margin": 1.0,
"shape": SubResource( 15 ),
"shape_transform": Transform2D( 1, 0, 0, 1, 0, 0 )
}, {
"autotile_coord": Vector2( 2, 4 ),
"one_way": false,
"one_way_margin": 1.0,
"shape": SubResource( 16 ),
"shape_transform": Transform2D( 1, 0, 0, 1, 0, 0 )
}, {
"autotile_coord": Vector2( 0, 5 ),
"one_way": false,
"one_way_margin": 1.0,
"shape": SubResource( 17 ),
"shape_transform": Transform2D( 1, 0, 0, 1, 0, 0 )
}, {
"autotile_coord": Vector2( 2, 5 ),
"one_way": false,
"one_way_margin": 1.0,
"shape": SubResource( 18 ),
"shape_transform": Transform2D( 1, 0, 0, 1, 0, 0 )
}, {
"autotile_coord": Vector2( 1, 5 ),
"one_way": false,
"one_way_margin": 1.0,
"shape": SubResource( 19 ),
"shape_transform": Transform2D( 1, 0, 0, 1, 0, 0 )
}, {
"autotile_coord": Vector2( 4, 3 ),
"one_way": false,
"one_way_margin": 1.0,
"shape": SubResource( 20 ),
"shape_transform": Transform2D( 1, 0, 0, 1, 0, 0 )
}, {
"autotile_coord": Vector2( 5, 4 ),
"one_way": false,
"one_way_margin": 1.0,
"shape": SubResource( 21 ),
"shape_transform": Transform2D( 1, 0, 0, 1, 0, 0 )
}, {
"autotile_coord": Vector2( 4, 5 ),
"one_way": false,
"one_way_margin": 1.0,
"shape": SubResource( 22 ),
"shape_transform": Transform2D( 1, 0, 0, 1, 0, 0 )
}, {
"autotile_coord": Vector2( 3, 4 ),
"one_way": false,
"one_way_margin": 1.0,
"shape": SubResource( 23 ),
"shape_transform": Transform2D( 1, 0, 0, 1, 0, 0 )
}, {
"autotile_coord": Vector2( 3, 3 ),
"one_way": false,
"one_way_margin": 1.0,
"shape": SubResource( 24 ),
"shape_transform": Transform2D( 1, 0, 0, 1, 0, 0 )
}, {
"autotile_coord": Vector2( 5, 3 ),
"one_way": false,
"one_way_margin": 1.0,
"shape": SubResource( 25 ),
"shape_transform": Transform2D( 1, 0, 0, 1, 0, 0 )
}, {
"autotile_coord": Vector2( 5, 5 ),
"one_way": false,
"one_way_margin": 1.0,
"shape": SubResource( 26 ),
"shape_transform": Transform2D( 1, 0, 0, 1, 0, 0 )
}, {
"autotile_coord": Vector2( 3, 5 ),
"one_way": false,
"one_way_margin": 1.0,
"shape": SubResource( 27 ),
"shape_transform": Transform2D( 1, 0, 0, 1, 0, 0 )
} ]
0/z_index = 0
1/name = "Tileset v0.13.png 1"
1/texture = ExtResource( 3 )
1/tex_offset = Vector2( 0, 0 )
1/modulate = Color( 1, 1, 1, 1 )
1/region = Rect2( 0, 0, 384, 384 )
1/tile_mode = 1
1/autotile/bitmask_mode = 0
1/autotile/bitmask_flags = [  ]
1/autotile/icon_coordinate = Vector2( 0, 0 )
1/autotile/tile_size = Vector2( 32, 32 )
1/autotile/spacing = 0
1/autotile/occluder_map = [  ]
1/autotile/navpoly_map = [  ]
1/autotile/priority_map = [  ]
1/autotile/z_index_map = [  ]
1/occluder_offset = Vector2( 0, 0 )
1/navigation_offset = Vector2( 0, 0 )
1/shape_offset = Vector2( 0, 0 )
1/shape_transform = Transform2D( 1, 0, 0, 1, 0, 0 )
1/shape_one_way = false
1/shape_one_way_margin = 0.0
1/shapes = [  ]
1/z_index = 0

[sub_resource type="Animation" id=30]
length = 4.0
loop = true
tracks/0/type = "value"
tracks/0/path = NodePath("KinematicBody2D:position")
tracks/0/interp = 1
tracks/0/loop_wrap = true
tracks/0/imported = false
tracks/0/enabled = true
tracks/0/keys = {
"times": PoolRealArray( 0, 2, 4 ),
"transitions": PoolRealArray( 1, 1, 1 ),
"update": 0,
"values": [ Vector2( 0, 0 ), Vector2( 400, 0 ), Vector2( 0, 0 ) ]
}

[node name="PlatformHorizontal" type="Node2D"]
script = ExtResource( 2 )

[node name="KinematicBody2D" type="KinematicBody2D" parent="."]
motion/sync_to_physics = true

[node name="CollisionShape2D" type="CollisionShape2D" parent="KinematicBody2D"]
shape = SubResource( 29 )

[node name="TileMap" type="TileMap" parent="KinematicBody2D"]
tile_set = SubResource( 28 )
format = 1
tile_data = PoolIntArray( -3, 0, 196611, -2, 0, 196609, -1, 0, 196609, -65536, 0, 196612, -65535, 0, 196612, -65534, 0, 196610, 65533, 0, 262144, 65534, 0, 262145, 65535, 0, 262148, 0, 0, 262145, 1, 0, 262145, 2, 0, 262149, 131069, 0, 327683, 131070, 0, 327681, 131071, 0, 327681, 65536, 0, 327681, 65537, 0, 327681, 65538, 0, 327682 )

[node name="Sprite" type="Sprite" parent="KinematicBody2D"]
visible = false
modulate = Color( 0.223529, 0.666667, 0.0431373, 1 )
scale = Vector2( 5, 0.5 )
texture = ExtResource( 1 )

[node name="Anim" type="AnimationPlayer" parent="."]
playback_process_mode = 0
anims/Horizontal = SubResource( 30 )

[node name="MarkerEnd" type="Position2D" parent="."]
position = Vector2( 560, -0.5 )

[node name="MarkerStart" type="Position2D" parent="."]
position = Vector2( -158.5, -0.5 )
